<?xml version="1.0" encoding="UTF-8"?><collection xmlns="http://www.loc.gov/MARC21/slim"><record><leader>00362nam--2200145-i-4500</leader><controlfield tag="001">000013693</controlfield><controlfield tag="002">20161230</controlfield><controlfield tag="005">20161230201030</controlfield><controlfield tag="008">060222s1000------------r-----000-0-eng-d</controlfield><datafield ind1=" " ind2=" " tag="080"><subfield code="a">681.326.32:681.3.012</subfield></datafield><datafield ind1=" " ind2=" " tag="100"><subfield code="a">Boyet, Howard</subfield></datafield><datafield ind1=" " ind2=" " tag="245"><subfield code="a">8080 microcomputer experiments</subfield></datafield><datafield ind1=" " ind2=" " tag="260"><subfield code="a">Portland, Dilithium Press, 1978 Xi + 354 P</subfield></datafield><datafield ind1=" " ind2=" " tag="490"><subfield code="a">4</subfield></datafield><datafield ind1=" " ind2=" " tag="852"><subfield code="a">49229</subfield></datafield></record></collection>